<?xml version="1.0" encoding="UTF-8"?><collection xmlns="http://www.loc.gov/MARC21/slim"><record><leader>00588nam--2200181-u-4500</leader><controlfield tag="001">000054489</controlfield><controlfield tag="002">20161230</controlfield><controlfield tag="005">20170128200824</controlfield><controlfield tag="008">120110s1000------------r-----000-0-eng-d</controlfield><datafield ind1=" " ind2=" " tag="040"><subfield code="a">IFIN-HH</subfield></datafield><datafield ind1=" " ind2=" " tag="080"><subfield code="a">539.12.162.8(063)</subfield></datafield><datafield ind1="1" ind2=" " tag="100"><subfield code="a">Fujikawa, K</subfield></datafield><datafield ind1="1" ind2="0" tag="245"><subfield code="a">1981 ins symposium on quark and lepton physics</subfield><subfield code="b">Proceedings of 1981 INS symposium on quark and lepton physics, Tokyo, June 25-27, 1981</subfield><subfield code="c">K. Fujikawa, H. Terazawa, A. Ukawa (eds.)</subfield></datafield><datafield ind1=" " ind2=" " tag="260"><subfield code="a">Tokyo</subfield><subfield code="b">University</subfield><subfield code="c">1981</subfield></datafield><datafield ind1=" " ind2=" " tag="300"><subfield code="a">371 p</subfield></datafield><datafield ind1="1" ind2=" " tag="700"><subfield code="a">Ukawa, A</subfield><subfield code="e">Ed</subfield></datafield><datafield ind1=" " ind2=" " tag="852"><subfield code="a">72233</subfield><subfield code="c">539.12</subfield></datafield><datafield ind1=" " ind2=" " tag="CAT"><subfield code="a">SYS</subfield><subfield code="c">20170128</subfield><subfield code="h">200824</subfield></datafield></record></collection>